<record><leader>00000cas a2200000 a 4500</leader><controlfield tag="001">27395259</controlfield><controlfield tag="008">930208d18uu1874cauwr ne      0    0eng c</controlfield><datafield ind1=" " ind2=" " tag="010"><subfield code="a">sn 93052977 </subfield></datafield><datafield ind1=" " ind2=" " tag="040"><subfield code="a">CNK</subfield><subfield code="b">eng</subfield><subfield code="c">CNK</subfield><subfield code="d">OCL</subfield><subfield code="d">CRL</subfield><subfield code="d">OCLCQ</subfield><subfield code="d">CNK</subfield><subfield code="d">OCLCF</subfield><subfield code="d">OCLCO</subfield></datafield><datafield ind1="1" ind2=" " tag="029"><subfield code="a">AU@</subfield><subfield code="b">000020734569</subfield></datafield><datafield ind1=" " ind2=" " tag="042"><subfield code="a">pcc</subfield></datafield><datafield ind1=" " ind2=" " tag="043"><subfield code="a">n-us-ca</subfield></datafield><datafield ind1="0" ind2="0" tag="245"><subfield code="a">Weekly Calaveras chronicle.</subfield></datafield><datafield ind1=" " ind2=" " tag="260"><subfield code="a">Mokelumne Hill, Calaveras County, Cal. :</subfield><subfield code="b">Calaveras Chronicle,</subfield><subfield code="c">-1874.</subfield></datafield><datafield ind1=" " ind2=" " tag="310"><subfield code="a">Weekly</subfield></datafield><datafield ind1="0" ind2=" " tag="362"><subfield code="a">-v. 23, no. 52 (Oct. 17, 1874).</subfield></datafield><datafield ind1=" " ind2=" " tag="530"><subfield code="a">Also issued on microfilm from University of California, Berkeley.</subfield></datafield><datafield ind1=" " ind2=" " tag="588"><subfield code="a">Description based on: Vol. 10, no. 6 (Nov 10, 1860).</subfield></datafield><datafield ind1=" " ind2=" " tag="530"><subfield code="a">Master negatives are available for duplication from:</subfield><subfield code="b">California Newspaper Microfilm Archive;</subfield><subfield code="c">for further information consult the CNMA at:</subfield><subfield code="u">http://cbsr.ucr.edu.</subfield></datafield><datafield ind1=" " ind2="0" tag="651"><subfield code="a">Calaveras County (Calif.)</subfield><subfield code="v">Newspapers.</subfield></datafield><datafield ind1=" " ind2="7" tag="655"><subfield code="a">Newspapers.</subfield><subfield code="2">fast</subfield><subfield code="0">(OCoLC)fst01423814</subfield></datafield><datafield ind1=" " ind2="7" tag="651"><subfield code="a">California</subfield><subfield code="z">Calaveras County.</subfield><subfield code="2">fast</subfield><subfield code="0">(OCoLC)fst01215708</subfield></datafield><datafield ind1=" " ind2=" " tag="752"><subfield code="a">United States</subfield><subfield code="b">California</subfield><subfield code="c">Calaveras</subfield><subfield code="d">Mokelumne Hill.</subfield></datafield><datafield ind1="0" ind2="0" tag="780"><subfield code="t">Calaveras chronicle (Mokelumne Hill, Calif. : 1851)</subfield><subfield code="w">(DLC)sn 84026973</subfield><subfield code="w">(OCoLC)10807176</subfield></datafield><datafield ind1="0" ind2="0" tag="785"><subfield code="t">Calaveras chronicle (Mokelumne Hill, Calif. : 1874)</subfield><subfield code="w">(DLC)sn 93052978</subfield><subfield code="w">(OCoLC)27395268</subfield></datafield></record>